@MISC{konect:2017:moreno_blogs,
    title = {Blogs network dataset -- {KONECT}},
    month = apr,
    year = {2017},
    url = {http://konect.uni-koblenz.de/networks/moreno_blogs}
}

@inproceedings{konect:adamic2005,
  title={{The Political Blogosphere and the 2004 {US} Election: Divided they Blog}},
  author={Adamic, Lada A and Glance, Natalie},
  booktitle={Proceedings of the 3rd International Workshop on Link Discovery},
  pages={36--43},
  year={2005},
  organization={ACM}
}
